% Encoding: UTF-8

@Misc{Tensorflow,
  author       = {Sujit Pal},
  title        = {Singular Value Decomposition for Recommendations with Tensorflow},
  howpublished = {http://sujitpal.blogspot.com/2018/05/singular-value-decomposition-for.html?m=1},
  note         = {Accessed: 12-18-2018},
}

@Misc{Scipy,
  author       = {Nick Becker},
  title        = {Matrix Factorization for Movie Recommendations in Python},
  howpublished = {https://beckernick.github.io/matrix-factorization-recommender/},
  note         = {Accessed: 12-18-2018},
}

@Comment{jabref-meta: databaseType:bibtex;}
